% =============================================================================
% | Papers                                                        |
% =============================================================================

@inproceedings{DBLP:conf/acns/GennaroGN16,
  author    = {Rosario Gennaro and
               Steven Goldfeder and
               Arvind Narayanan},
  title     = {Threshold-Optimal {DSA/ECDSA} Signatures and an Application to Bitcoin
               Wallet Security},
  booktitle = {Applied Cryptography and Network Security - 14th International Conference,
               {ACNS} 2016, Guildford, UK, June 19-22, 2016. Proceedings},
  pages     = {156--174},
  year      = {2016},
  crossref  = {DBLP:conf/acns/2016},
  url       = {https://doi.org/10.1007/978-3-319-39555-5_9},
  doi       = {10.1007/978-3-319-39555-5_9},
  timestamp = {Tue, 23 May 2017 01:13:09 +0200},
  biburl    = {http://dblp.org/rec/bib/conf/acns/GennaroGN16},
  bibsource = {dblp computer science bibliography, http://dblp.org}
}
@misc{rfc6979,
	series =	{Request for Comments},
	number =	6979,
	howpublished =	{RFC 6979},
	publisher =	{RFC Editor},
	doi =		{10.17487/RFC6979},
	url =		{https://rfc-editor.org/rfc/rfc6979.txt},
        author =	{Thomas Pornin},
	title =		{{Deterministic Usage of the Digital Signature Algorithm (DSA) and Elliptic Curve Digital Signature Algorithm (ECDSA)}},
	pagetotal =	79,
	year =		2013,
	month =		aug,
	abstract =	{This document defines a deterministic digital signature generation procedure. Such signatures are compatible with standard Digital Signature Algorithm (DSA) and Elliptic Curve Digital Signature Algorithm (ECDSA) digital signatures and can be processed with unmodified verifiers, which need not be aware of the procedure described therein. Deterministic signatures retain the cryptographic security features associated with digital signatures but can be more easily implemented in various environments, since they do not need access to a source of high-quality randomness.},
}
@article{kingma2014adam,
  title={Adam: A method for stochastic optimization},
  author={Kingma, Diederik P and Ba, Jimmy},
  journal={arXiv preprint arXiv:1412.6980},
  year={2014},
  url={https://arxiv.org/pdf/1412.6980v5.pdf},
  urldate = {2018-06-06}
}

@article{srivastava2014dropout,
  title={Dropout: A simple way to prevent neural networks from overfitting},
  author={Srivastava, Nitish and Hinton, Geoffrey and Krizhevsky, Alex and Sutskever, Ilya and Salakhutdinov, Ruslan},
  journal={The Journal of Machine Learning Research},
  volume={15},
  number={1},
  pages={1929--1958},
  year={2014},
  publisher={JMLR. org},
  url={http://jmlr.org/papers/volume15/srivastava14a.old/srivastava14a.pdf},
  urldate = {2018-06-06}
}


% -----------------------------------------------------------------------------
% Books
% -----------------------------------------------------------------------------

@book{Antonopoulos:2014:MBU:2695500,
 author = {Antonopoulos, Andreas M.},
 title = {Mastering Bitcoin: Unlocking Digital Crypto-Currencies},
 year = {2014},
 isbn = {1449374042, 9781449374044},
 edition = {1st},
 publisher = {O'Reilly Media, Inc.},
}

% -----------------------------------------------------------------------------
% Websites
% -----------------------------------------------------------------------------

@misc{YoursLightningProtocol,
  author = "Ryan X. Charles and Clemens Ley",
  title = "Yours Lightning Protocol",
  url = "https://github.com/yoursnetwork/yours-channels/blob/master/docs/yours-lightning.md",
  year = 2016
}

@online{abstractCBC,
  author = {Vlad Zamfir et al.},
  title = {Introducing the "Minimal CBC Casper" Family of Consensus Protocols},
  year = 2018,
  url = {https://github.com/cbc-casper/cbc-casper-paper/raw/master/cbc-casper-paper-draft.pdf},
  urldate = {2019-03-03}
}

@online{abstractCBC2,
  author = {Vlad Zamfir},
  title = {A Template for Correct-by-Construction Consensus Protocols},
  year = 2017,
  url = {https://github.com/ethereum/research/raw/master/papers/cbc-consensus/AbstractCBC.pdf},
  urldate = {2019-03-03}
}

@online{GHOST,
  author = {Yonatan Sompolinsky and Aviv Zohar},
  title = {Secure High-Rate Transaction Processing in Bitcoin},
  year = 2013,
  url = {https://fc15.ifca.ai/preproceedings/paper_30.pdf},
  urldate = {2019-03-03}
}

@online{pBFT,
  author = {Miguel Castro and Barbara Liskov},
  title = {Practical Byzantine Fault Tolerance},
  year = 1999,
  url = {http://pmg.csail.mit.edu/papers/osdi99.pdf},
  urldate = {2019-03-03}
}

@online{yellowpaper,
  author = {Dr. Gavin Wood},
  title = {ETHEREUM:  A  SECURE  DECENTRALISED  GENERALISED  TRANSACTION  LEDGER},
  year = 2019,
  url = {https://ethereum.github.io/yellowpaper/paper.pdf},
  urldate = {2019-03-03}
}
